@misc{quizgame,
  author = {quizgame},
  url = {https://en.wikipedia.org/wiki/Quiz},
}

@misc{gameshow,
  author = {gameshow},
  url = {https://en.wikipedia.org/wiki/Game_show},
}

@misc{whowantstobeamillionaire,
  author = {whowantstobeamillionaire},
  url = {https://en.wikipedia.org/wiki/Who_Wants_to_Be_a_Millionaire},
}

@misc{jeopardy,
  author = {jeopardy},
  url = {https://en.wikipedia.org/wiki/Jeopardy!},
}

@misc{quizlet,
  author = {quizlet},
  url = {https://quizlet.com},
}